% Wikipedia
@misc{dot_product,
	title={Dot product},
	author={{Wikipedia, The free encyclopedia}},
	howpublished = {\url{https://en.wikipedia.org/wiki/Dot_product}},
	year={2020}}

@misc{euclidean_space,
	title={Euclidean space},
	author={{Wikipedia, The free encyclopedia}},
	howpublished = {\url{https://en.wikipedia.org/wiki/Euclidean_space}},
	year={2020}}

@misc{hyperplane,
	title={Hyperplane},
	author={{Wikipedia, The free encyclopedia}},
	howpublished = {\url{https://en.wikipedia.org/wiki/Hyperplane}},
	year={2020}}

@misc{normal,
	title={Normal (geometry)},
	author={{Wikipedia, The free encyclopedia}},
	howpublished = {\url{https://en.wikipedia.org/wiki/Normal_(geometry)}},
	year={2020}}

@misc{projection_matrix,
	title={Projection matrix},
	author={{Wikipedia, The free encyclopedia}},
	howpublished = {\url{https://en.wikipedia.org/wiki/Projection_matrix}},
	year={2021}}

% Physics articles
@misc{hl_physics,
	title={Half-Life Physics Reference},
	author={{Chong Jiang Wei}},
	howpublished = {\url{https://www.jwchong.com/hl/}},
	year={2019}}

@misc{injx_physics,
	title={Quake Articles},
	author={{Chris Welshman (injx)}},
	howpublished = {\url{https://www.funender.com/quake/articles/}},
	year={2019}}